@misc{RS,
  author = {Kenneth Ribet and William Stein},
  title = {Lectures on {M}odular {F}orms and {H}ecke {O}perators},
  howpublished = "\url{https://wstein.org/books/ribet-stein/main.pdf}",
  year={2017}
}

@book{zag,
   title ={The 1-2-3 of Modular Forms: Lectures at a Summer School in Nordfjordeid, Norway},
   author =    {Jan Hendrik Bruinier and Gerard van der Geer and GÃ¼nter Harder and Kristian Ranestad (eds.), Don Zagier (auth.)},
   publisher = {Springer-Verlag Berlin Heidelberg},
   year =      {2008},
   series =    {Universitext}
}

@misc{konrad,
  author = {Keith Conrad},
  title = {Simultaneous commutativity of operators},
  howpublished = "\url{https://kconrad.math.uconn.edu/blurbs/linmultialg/simulcomm.pdf}"
}

